%%
%% References
%%
%% Collection of references compiled by Serguei A. Mokhov, mokhov AT cs.concordia.ca,
%% from a variety of projects.
%%
%% $Id: report.bib,v 1.18 2005/10/16 03:11:01 mokhov Exp $
%% $Revision: 1.18 $
%% $Date: 2005/10/16 03:11:01 $
%%

%
% Common Strings
%

@string{dcs = "Department of Computer Science and Software Engineering, Concordia University"}
@string{aw = "Addison-Wesley"}


%%
%% Lucid and GIPSY
%%

@conference
{
	lucid76,
	author="Edward A. Ashcroft and William W. Wadge",
	title="{Lucid - A Formal System for Writing and Proving Programs}",
	booktitle="",
	organization="SIAM J. Comput. no. 3",
	year=1976,
	volume=5,
	kind="RC"
}

@conference
{
	lucid77,
	author="Edward A. Ashcroft and William W. Wadge",
	title="{Erratum: Lucid - A Formal System for Writing and Proving Programs.}",
	booktitle="",
	organization="SIAM J. Comput.",
	year=1977,
	volume="6(1):200",
	kind="RC"
}

@conference
{
	rlucid99,
	author="Jean-Raymond Gagn\'e and John Plaice",
	title="{Demand-Driven Real-Time Computing}",
	booktitle="",
	organization="World Scientific",
	year=1999,
	month=sep,
	day=22,
	volume="",
	kind="RC"
}

@phdthesis
{
	paquetThesis,
	author="Joey Paquet",
	title="Scientific Intensional Programming",
	school="Department of Computer Science, Laval University, Sainte-Foy, Canada",
	year=1999
}

@book
{
	gipsy,
	author="The GIPSY Research and Development Group",
	title="The GIPSY Project",
	publisher=dcs,
	year="2002-2005",
	note="\url{http://newton.cs.concordia.ca/~gipsy/}"
}

@book
{
	gipsywiki,
	author="The GIPSY Research and Development Group",
	title="The GIPSYwiki: Online GIPSY collaboration platform.",
	publisher=dcs,
	year="2005",
	note="\url{http://newton.cs.concordia.ca/~gipsy/gipsywiki}"
}

@mastersthesis
{
	chunleiren02,
	author="Chun Lei Ren",
	title="{General Intensional Programming Compiler (GIPC) in the GIPSY}",
	school=dcs,
	year=2002
}

@mastersthesis
{
	yimin04,
	author="Yi Min Ding",
	title="{Bi-directional Translation Between Data-Flow Graphs and Lucid Programs in the GIPSY Environment}",
	school=dcs,
	year=2004
}

@mastersthesis
{
	leitao04,
	author="Lei Tao",
	title="{Warehouse and Garbage Collection in the GIPSY Environment}",
	school=dcs,
	year=2004
}

@mastersthesis
{
	aihuawu02,
	author="Ai Hua Wu",
	title="{Semantic Checking and Translation in the GIPSY}",
	school=dcs,
	year=2002
}

@mastersthesis
{
	mokhovmcthesis05,
	author="Serguei A. Mokhov",
	title="{Towards Hybrid Intensional Programming with JLucid, Objective Lucid, and General Imperative Compiler Framework in the GIPSY}",
	school=dcs,
	month=oct,
	year=2005
}

@inproceedings
{
	mokhovjlucid2005,
	author="Serguei Mokhov and Joey Paquet and Peter Grogono",
	title="{Towards JLucid, Lucid with Embedded Java Functions in the GIPSY}",
	booktitle="Proceedings of PLC2005, Las Vegas, Nevada, USA",
	organization="CSREA Press",
	pages="15-21",
	month="June",
	day="27-30",
	year="2005",
	kind="RC"
}

@inproceedings
{
	mokhovolucid2005,
	author="Serguei Mokhov and Joey Paquet",
	title="{Objective Lucid -- First Step in Object-Oriented Intensional Programming in the GIPSY}",
	booktitle="Proceedings of PLC2005, Las Vegas, Nevada, USA",
	organization="CSREA Press",
	pages="22-28",
	month="June",
	day="27-30",
	year="2005",
	kind="RC"
}

@inproceedings
{
	mokhovgicf2005,
	author="Serguei Mokhov and Joey Paquet",
	title="{General Imperative Compiler Framework within the GIPSY}",
	booktitle="Proceedings of PLC2005, Las Vegas, Nevada, USA",
	organization="CSREA Press",
	pages="36-42",
	month="June",
	day="27-30",
	year="2005",
	kind="RC"
}

@inproceedings
{
	vas05,
	author="Emil Vassev and Joey Paquet",
	title="{A Generic Framework for Migrating Demands in the GIPSY's Demand-Driven Execution Engine}",
	booktitle="Proceedings of PLC2005, Las Vegas, Nevada, USA",
	organization="CSREA Press",
	pages="29-35",
	month="June",
	day="27-30",
	year="2005",
	kind="RC"
}

@inproceedings
{
	wu05,
	author="Ai Hua Wu and Joey Paquet",
	title="{Object-Oriented Intensional Programming in the GIPSY: Preliminary Investigations}",
	booktitle="Proceedings of PLC2005, Las Vegas, Nevada, USA",
	organization="CSREA Press",
	pages="43-47",
	month="June",
	day="27-30",
	year="2005",
	kind="RC"
}

@inproceedings
{
	gipsy2005,
	author="Joey Paquet and Ai Hua Wu",
	title="{GIPSY -- A Platform for the Investigation on Intensional Programming Languages}",
	booktitle="Proceedings of PLC2005, Las Vegas, Nevada, USA",
	organization="CSREA Press",
	pages="8-14",
	month="June",
	day="27-30",
	year="2005",
	kind="RC"
}

@inproceedings
{
	kaiyulucx,
	author="Kaiyu Wan and Vasu Alagar and Joey Paquet",
	title="{Lucx: Lucid Enriched with Context}",
	booktitle="Proceedings of PLC2005, Las Vegas, Nevada, USA",
	organization="CSREA Press",
	pages="48-14",
	month="June",
	day="27-30",
	year="2005",
	kind="RC"
}

@conference
{
	wugipc04,
	author="Joey Paquet and Peter Grogono and Ai Hua Wu",
	title="{Towards a Framework for the General Intensional Programming Compiler in the GIPSY}",
	booktitle="19th Annual ACM Conference on Object-Oriented Programming, Systems, Languages, and Applications (OOPSLA 2004). Vancouver, Canada.",
	organization="ACM",
	day="24-28",
	month=oct,
	year="2004",
	kind="RC"
}

@phdthesis
{
	yotis94,
	author="Panagiotis Rondogiannis",
	title="Higher-Order Functional Languages and Intensional Logic",
	school="Department of Computer Science, University of Victoria, Victoria, Canada",
	year=1994
}

%
% From Peter Grogono
%

@conference
{
	bolu03,
	author="Bo Lu and Peter Grogono and Joey Paquet",
	title="Distributed execution of multidimensional programming languages",
	booktitle="Proceedings 15th IASTED International Conference on Parallel and Distributed Computing and Systems (PDCS 2003)",
	organization="International Association of Science and Technology for Development",
	month=nov,
	year=2003,
	volume=1,
	pages="284-289",
	kind="RC"
}

@conference
{
	wu03,
	author="Ai Hua Wu and Joey Paquet and Peter Grogono",
	title="{Design of a Compiler Framework in the GIPSY System}",
	booktitle="Proceedings 15th IASTED International Conference on Parallel and Distributed Computing and Systems (PDCS 2003)",
	organization="International Association of Science and Technology for Development",
	month=nov,
	year=2003,
	volume=1,
	pages="320-328",
	kind="RC"
}

@phdthesis
{
	bolu04,
	author="Bo Lu",
	title="Developing the Distributed Component of a Framework for Processing Intentional Programming Languages",
	school=dcs,
	month=mar,
	year=2004
}

@techreport
{
	gipcincrements,
	author="Peter Grogono",
	title="{GIPC Increments}",
	institution=dcs,
	year=2002,
	month="April"
}

@techreport
{
	grogonoonyx2004,
	author = "Peter Grogono",
	title = "Intensional Programming in {Onyx}",
	institution = dcs,
	month = apr,
	year = 2004
}

%
% Logic and Semantics
%

@book
{
	carnap,
	author="Rudolf Carnap",
	title="Meaning and Necessity: a Study in Semantics and Modal Logic",
	publisher="University of Chicago Press, Chicago, USA",
	year="1947"
}

@book
{
	kripke59,
	author="Saul A. Kripke",
	title="A Completeness Theorem in Modal Logic",
	publisher="",
	year="1959"
}

@book
{
	kripke63,
	author="Saul A. Kripke",
	title="Semantical Considerations on Modal Logic",
	publisher="",
	year="1963"
}

@techreport
{
	moellerhoare,
	author="Anders Moeller",
	title="{Program Verification with Hoare Logic}",
	institution="University of Aarhus",
	year="2004",
	note="\url{http://www.brics.dk/~amoeller/talks/hoare.pdf}"
}

@techreport
{
	javahoare,
	author="Marieke Huisman and Bart Jacobs",
	title="{Java Program Verification via a Hoare Logic with Abrupt Termination}",
	institution="Computing Science Institute, University of Nijmegen, Nijmegen, The Netherlands",
	year="2002",
	note="\url{www.cs.ru.nl/B.Jacobs/PAPERS/FASE00.ps.Z}"
}

@book
{
	semgrogono,
	author="Peter Grogono",
	title="{Semantics of Programming Languages, COMP745 Course Notes}",
	publisher=dcs,
	year="1996-2002"
}

%
% My Tech Reports / Notes / Presentations
%

% techreport
@book
{
	mokhovcvs,
	author = "Serguei Mokhov",
	title = "{GIPSY: CVS Service on Newton, A Crush Guide}",
	publisher = dcs,
	institution = dcs,
	month = jun,
	year = 2003
}

% techreport
@book
{
	mokhovssh,
	author = "Serguei Mokhov",
	title = "{Newton: Basic Security}",
	publisher = dcs,
	institution = dcs,
	month = jun,
	year = 2003
}

% techreport
@book
{
	mokhovcoding,
	author = "Serguei Mokhov",
	title = "{Naming \& Coding Conventions}",
	publisher = dcs,
	institution = dcs,
	year = "2003-2005"
}

% techreport
@book
{
	mokhovmakefile,
	author = "Serguei Mokhov",
	title = "{Makefile Tutorial}",
	publisher = dcs,
	institution = dcs,
	year = "2003-2005"
}

%
% MARF
%

@book
{
	marf,
	author="Serguei Mokhov and Ian Clement and Stephen Sinclair and Dimitrios Nicolacopoulos",
	title="Modular Audio Recognition Framework",
	publisher=dcs,
	year="2002-2005",
	note="\url{http://marf.sf.net}"
}

%
% Tools
%

@book
{
	cvs,
	author="Brian Berliner and david d `zoo' zuhn and Jeff Polk and Larry Jones and Derek R. Price and Mark D. Baushke and other authors",
	title="{Concurrent Versions System (CVS)}",
	publisher="Free Software Foundation, Inc.",
	year="1989-2005",
	note="\url{http://www.nongnu.org/cvs/}"
}

@book
{
	gmake,
	author="Richard Stallman and Roland McGrath and Paul Smith and GNU Project",
	title="{GNU Make}",
	publisher="Free Software Foundation, Inc.",
	year="1997-2000",
	note="\url{http://www.gnu.org/software/make/}"
}

@book
{
	gcc,
	author="Various Contributors and GNU Project",
	title="{GNU Compiler Collection (GCC)}",
	publisher="Free Software Foundation, Inc.",
	year="1988-2005",
	note="\url{http://gcc.gnu.org/onlinedocs/gcc/}"
}

@book
{
	eclipse,
	author="Eclipse contributors and others",
	title="{Eclipse Platform}",
	publisher="IBM",
	year="2000-2004",
	note="\url{http://www.eclipse.org/platform}"
}

@book
{
	junit,
	author="Erich Gamma and Kent Beck",
	title="{JUnit}",
	publisher="Object Mentor, Inc.",
	year="2001-2004",
	note="\url{http://junit.org/}"
}

@book
{
	jbuilder,
	author="Borland",
	title="{Borland JBuilder X}",
	publisher="Borland Software Corporation",
	year="1997-2003",
	note="\url{http://www.borland.com/us/products/jbuilder/}"
}

@book
{
	netbeans,
	author="Sun Microsystems",
	title="{NetBeans 4.0}",
	publisher="Sun Microsystems, Inc.",
	month=dec,
	year="2004",
	note="\url{http://www.netbeans.org}"
}

@book
{
	ant,
	author="Ant Project Contributors",
	title="{Apache Ant}",
	publisher="The Apache Software Foundation",
	year="2000-2005",
	note="\url{http://ant.apache.org/}"
}

@book
{
	wikipedia,
	author="Jimmy Wales and Larry Sanger and other authors from all over the world",
	title="{Wikipedia: The Free Encyclopedia}",
	publisher="Wikimedia Foundation, Inc.",
	year="2001-2005",
	note="\url{http://wikipedia.org}"
}

%
% GLU
%

@book
{
	dodd96,
	author="Chris Dodd",
	title="Intensional Programming I, chapter Rank analysis in the GLU compiler, pages 76-82.",
	publisher="World Scientific, Singapore",
	year=1996
}

@techreport
{
	glu1,
	author="Raganswamy Jagannathan and Chris Dodd",
	title="{GLU} programmer's guide",
	institution="SRI International, Menlo Park, California",
	year=1996
}

@conference
{
	glu2,
	author="Raganswamy Jagannathan and Chris Dodd and Iskender Agi",
	title="{GLU: A high-level system for granular data-parallel programming.}",
	booktitle="Concurrency: Practice and Experience",
	volume="1",
	pages="63-83",
	year=1997
}

@conference
{
	glu3,
	author="Nikolaos Papaspyrou and Ioannis T. Kassios",
	title="{GLU\# embedded in C++}: a marriage between multidimensional and object-oriented programming.",
	booktitle="Softw., Pract. Exper.",
	year=2004,
	volume="34(7)",
	pages="609-630"
}

@conference
{
	fcpp1,
	author="Brian McNamara and Yannis Smaragdakis",
	title="{Functional Programming in C++ using the FC++ Library}",
	booktitle="SIGPLAN Notices",
	year=2001,
	volume="36(4)",
	pages="25-30"
}

@conference
{
	fcpp2,
	author="Yannis Smaragdakis and Brian McNamara",
	title="{FC++: Functional tools for object-oriented tasks.}",
	booktitle="Softw., Pract. Exper.",
	year=2002,
	volume="32(10)",
	pages="1015-1033"
}

@techreport
{
	mllessequal,
	author = "Fancois Bourdoncle and Stephan Merz",
	title = "{On the integration of the functional programming, class-based object-oriented programming, and multi-methods}",
	institution = "Centre de Mathemathiques Appliquees, Ecole des Mines de Paris and Institut fur Informatik, Technische Universitat Munchen",
	day = 26,
	month = oct,
	year = 1996
}


%
% Compilers
%

@book
{
	louden97,
	author="Kenneth C. Louden",
	title="Compiler Construction: Principles and Practice",
	publisher="PWS Publishing Company",
	year=1997,
	note="ISBN 0-564-93972-4"
}

%
% Misc
%

@conference
{
	conwaylife,
	author="Martin Gardner",
	title="{The Fantastic Combinations of John Horton Conway's New Solitaire Game `Life'}",
	publisher="Scientific American",
	year=1970,
	month=oct,
	pages="120-123",
	note="\url{http://ddi.cs.uni-potsdam.de/HyFISCH/Produzieren/lis_projekt/proj_gamelife/ConwayScientificAmerican.htm}"
}

%%
%% 3D Advanced Rendering and Animation
%%

@book
{
	skinhairshrek,
	author="Jonathan Gibbs",
	title="Rendering Skin and Hair",
	publisher="SIGGRAPH",
	year="2001",
	month="March",
	note="\url{http://silicon-valley.siggraph.org/MeetingNotes/shrek/hairskin.pdf}"
}

@book
{
	finalfantasy,
	author="Barbara Robinson",
	title="The first CG cast of human actors stars in Final Fantasy: The Spirits Within",
	publisher="ComputerGraphics World",
	year="2001",
	month="August",
	note="\url{http://cgw.pennnet.com/Articles/Article\_Display.cfm?Section=Archives\&\\Subsection=Display\&ARTICLE\_ID=108473}"
}

@book
{
	rost2004,
	author="Randi J. Rost",
	title="OpenGL Shading Language",
	publisher="Pearson Education, Inc.",
	month="February",
	year=2004,
	note="ISBN: 0-321-19789-5"
}

@book
{
	vertex_program,
	author="Various contributors, NVIDIA Corporation",
	title="ARB\_vertex\_program, Revision 46",
	publisher="NVIDIA Corporation",
	year="2002-2003"
}

@book
{
	fragment_program,
	author="Various contributors, Microsoft Corporation",
	title="ARB\_fragment\_program, Revision 26",
	publisher="Microsoft Corporation",
	year="2002-2003"
}

@book
{
	losasso2004,
	author="Frank Losasso",
	title="Surface Reflection Models",
	publisher="NVIDIA Corporation",
	year=2004
}

@book
{
	openglExtensions,
	author="Mark J. Kilgard",
	title="All About OpenGL Extensions",
	publisher="OpenGL.org",
	year="1998-1999",
	note="\url{http://www.opengl.org/resources/features/OGLextensions/}"
}

@book
{
	cass2003,
	author="Cass Everitt",
	title="OpenGL ARB Vertex Program",
	publisher="NVIDIA Corporation",
	year="2003"
}


@book
{
	3dlabs1,
	author="3D Labs",
	title="OpenGL Shading Language Demo and Documentation",
	publisher="3D Labs, Inc.",
	year=2004,
	note="\url{http://developer.3dlabs.com/openGL2/downloads/index.htm}"
}

@book
{
	3dlabs2,
	author="3D Labs",
	title="OpenGL Shading Language Shader Examples and Source Code",
	publisher="3D Labs, Inc.",
	year=2004,
	note="\url{http://3dshaders.com/shaderSource.html}"
}

@book
{
	mokhovOpenGL,
	author="Serguei Mokhov",
	title="Introduction to OpenGL Shading Language",
	publisher=dcs,
	year=2004,
	note="\url{http://www.cse.concordia.ca/~mokhov/comp791c/}"
}

%
% UNIX and OS in general
%

@book
{
	vahalia,
	author="Uresh Vahalia",
	title="UNIX Internals: The New Frontiers",
	edition="Second",
	publisher="Prentice Hall, Inc.",
	year=1996,
	note="ISBN 0-13-101908-2"
}

@book
{
	stevens,
	author="W. R. Stevens",
	title="Advanced Programming in the UNIX Environment",
	publisher="Addison-Wesley",
	year=1993
}

@book
{
	dinosaur6,
	author="Abraham Silberschatz and Peter Baer Galvin and Greg Gagne",
	title="Operating System Concepts",
	edition="sixth",
	year=2002,
	publisher="John Wiley \& Sons, Inc., USA",
	note="ISBN 0-471-41743-2"
}

@techreport
{
	dijkstra65,
	author = "E.W. Dijkstra",
	title = "{Cooperating Sequential Processes}",
	institution = "Technological University, Eidhoven, The Netherlands",
	year = 1965,
	kind="EWD-123"
}

@conference
{
	dijkstra71,
	author = "E.W. Dijkstra",
	title = "{Hierarchical ordering of sequential processes}",
	organization = "Acta Inf.",
	pages="115-138",
	year = 1971
}

@conference
{
	gingras90,
	author = "Armando R. Gingras",
	title = "{Dining Philosophers Revisited}",
	booktitle = "SIGCSE Bulletin",
	volume="22 No. 3",
	month=sep,
	pages="21-28",
	year = 1990
}

@inproceedings
{
	wos98,
	author = "Gilbert Babin and Peter Kropf and Herwig Unger",
	title = "{A Two-Level Communication Protocol for a Web Operating System (WOS)}",
	booktitle="Proceedings of IEEE Euromicro Workshop on Network Computing, Vasteras, Sweden",
	organization = "IEEE",
	pages="934-944",
	year = 1998
}

%
% D.K. Probst
%

@book
{
	probstRecurrence,
	author="David K. Probst",
	title="COMP7241: March 5 Notes: Vector and Scalar Algorithms Examples: General Linear Recurrence",
	publisher="Concordia University, Montreal, Quebec, Canada",
	year=2003
}
	%note="\\URL:\\$<$http://mailhost.cs.concordia.ca/pipermail/comp7241-w03/2003-March/000011.html$>$"

@book
{
	probstCompilers,
	author="David K. Probst",
	title="COMP7241: Parallelizing Compilers: Writing Compiler-Friendly Loops",
	publisher="Concordia University, Montreal, Quebec, Canada",
	year=2003
}
	%note="\\URL:\\$<$http://mailhost.cs.concordia.ca/pipermail/comp7241-w03/2003-February/000006.html$>$"

@book
{
	probstProductivity,
	author="David K. Probst",
	title="Productivity Metrics For High-End Computers",
	publisher="Concordia University, Montreal, Quebec, Canada",
	series="Commentary from the HEC",
	day=17,
	month="March",
	year=2003
}
	%note="\\URL:\\$<$http://mailhost.cs.concordia.ca/pipermail/comp7241-w03/2003-March/000015.html$>$"

@book
{
	probstProgrammability,
	author="David K. Probst",
	title="The Programmability Metric",
	publisher="Concordia University, Montreal, Quebec, Canada",
	series="Commentary from the HEC",
	day=24,
	month="February",
	year=2003
}
	%note="\\URL:\\$<$http://mailhost.cs.concordia.ca/pipermail/comp7241-w03/2003-February/000002.html$>$"

@book
{
	probstBandwidth,
	author="David K. Probst",
	title="The Principle Of Least Bandwidth",
	publisher="Concordia University, Montreal, Quebec, Canada",
	series="Commentary from the HEC",
	day=3,
	month="February",
	year=2003
}
	%note="\\URL:\\$<$http://mailhost.cs.concordia.ca/pipermail/comp7241-w03/2003-February/000001.html$>$"

@book
{
	probstPrefixSum,
	author="David K. Probst",
	title="Cyclic Reduction",
	publisher="Concordia University, Montreal, Quebec, Canada",
	day=23,
	month="February",
	year=2003
}
	%note="\\URL:\\$<$http://mailhost.cs.concordia.ca/pipermail/comp7241-w03/2003-February/000005.html$>$"

@book
{
	probst95,
	author="David K. Probst",
	year=1995,
	title="The United States Needs a Scalable Shared-Memory Multiprocessor, But Might Not Get One!, NCO White Paper",
	publisher="Concordia University, Montreal, Canada"
}
	%note="\url{http://www.cs.concordia.ca/~faculty/probst/}"


%
% Parallel Stuff
%

@book
{
	llModels,
	author="David B. Skillicorn and Domenico Talia",
	title="Models and Languages for Parallel Computation",
	publisher="ACM, Inc.",
	series="ACM Computing Surveys",
	volume="30, No. 2",
	month="June",
	year=1998,
	note="\url{http://www.ece.cmu.edu/~ece767/papers/skillicorn.pdf}"
}


%
% From Pattern Recognition
%

@book
{
	shaughnessy2000,
	author="Douglas O'Shaughnessy",
	title="Speech Communications",
	publisher="IEEE Press. New Jersey, US.",
	year=2000
}

@book
{
	dspdimension,
	author="Stefan M. Bernsee",
	title="The DFT ``\`{a} pied'': Mastering The Fourier Transform in One Day",
	publisher="DSPdimension.com",
	year="1999-2005",
	note="\url{http://www.dspdimension.com/data/html/dftapied.html}"
}

@book
{
	jervis,
	author="Ifeachor and Jervis",
	title="Speech Communications",
	publisher="Prentice Hall. New Jersey, US.",
	year=2002
}

@book
{
	numericalrecipes,
	author="William H. Press",
	title="Numerical Recipes in C",
	edition="Second",
	publisher="Cambridge University Press. Cambridge, UK.",
	year=1993
}

@book
{
	artificialintelligence,
	author="S. Russell and P. Norvig",
	title="Artificial Intelligence: A Modern Approach",
	publisher="Prentice Hall.  New Jersey, US.",
	year=1995
}

@book
{
	grogono2001,
	author="Peter Grogono",
	title="A {\LaTeX2e} Gallimaufry. Techniques, Tips, and Traps",
	publisher=dcs,
	month="March",
	year=2001,
	note="\url{http://www.cse.concordia.ca/~grogono/documentation.html}"
}


%
% Java
%

@book
{
	javasun,
	author="Sun Microsystems",
	title="The Java Website",
	publisher="Sun Microsystems, Inc.",
	year="1994-2005",
	note="\url{http://java.sun.com}"
}

@book
{
	javanuttshell,
	author="D. Flanagan",
	title="Java in a Nutshell",
	edition="Second",
	publisher="O'Reily \& Associates, Inc.",
	year=1997,
	note="ISBN 1-56592-262-X"
}

@book
{
	javacc,
	author="Sreenivasa Viswanadha and Contributors",
	title="Java Compiler Compiler (JavaCC) - The Java Parser Generator",
	publisher="java.net",
	year="2001-2005",
	note="\url{https://javacc.dev.java.net/}"
}

@book
{
	tomcat,
	author="Apache Foundation",
	title="Apache Jakarta Tomcat",
	publisher="apache.org",
	year="1999-2005",
	note="\url{http://jakarta.apache.org/tomcat/index.html}"
}

@book
{
	servlets,
	author="Sun Microsystems",
	title="Java Servlet Technology",
	publisher="Sun Microsystems, Inc.",
	year="1994-2005",
	note="\url{http://java.sun.com/products/servlets}"
}

@book
{
	jsp,
	author="Sun Microsystems",
	title="JavaServer Pages Technology",
	publisher="Sun Microsystems, Inc.",
	year="2001-2005",
	note="\url{http://java.sun.com/products/jsp/}"
}

@book
{
	jni,
	author="Beth Sterns",
	title="The Java Native Interface (JNI)",
	publisher="Sun Microsystems, Inc.",
	year="2001-2005",
	note="\url{http://java.sun.com/docs/books/tutorial/native1.1/index.html}"
}

@book
{
	java-reflection,
	author="Dale Green",
	title="Java Reflection API",
	publisher="Sun Microsystems, Inc.",
	year="2001-2005",
	note="\url{http://java.sun.com/docs/books/tutorial/reflect/index.html}"
}

@book
{
	javaspaces,
	author="Qusay H. Mamoud",
	title="Getting Started With JavaSpaces Technology: Beyond Conventional Distributed Programming Paradigms",
	publisher="Sun Microsystems, Inc.",
	month=jul,
	year="2005",
	note="\url{http://java.sun.com/developer/technicalArticles/tools/JavaSpaces/}"
}

%
% Computer Organization and Architecture
%

@book
{
	rr1,
	title="Essentials of Assembly Language Programming for The IBM PC",
	author="V. Rajaraman and T. Radhakrishnan",
	publisher="Prentice-Hall of India Private Limited, New Delhi, India",
	year=1998,
	note="ISBN-81-203-1427-1"
}

@book
{
	rr2,
	title="An Introduction to Digital Computer Design",
	edition="fourth",
	author="V. Ranjaraman and T. Radhakrishnan",
	publisher="Prentice-Hall, India"
}

@book
{
	stall98,
	title="Computer Organization and Architecture: Designing for Performance",
	edition="fourth",
	author="William Stallings",
	publisher="Prentice-Hall of India Private Limited, New Delhi, India",
	year=1998,
	note="ISBN-81-203-1155-8"
}

@book
{
	mh,
	title="Principles of Computer Architecture",
	author="M. Murdocca and V. Heuring",
	publisher="Prentice-Hall",
	year=2000
}

@book
{
	pp,
	title="Introduction to Computing Systems",
	author="Y. Patt and S. Patel",
	publisher="McGraw-Hill",
	year=2001
}

@book
{
	gs,
	title="Computer Organization: a Top-down Approach",
	author="Greg Scragg",
	publisher="McGraw-Hill",
	year=1992
}

@book
{
	ir,
	title="Assembly Language for Intel-based Computers",
	author="K. Irvine",
	publisher="Prentice-Hall",
	year=1999
}

@book
{
	hama02,
	author="Carl Hamacher and Zvonko Vranesic and Safwat Zaky",
	title="Computer Organization",
	publisher="McGraw-Hill, New York, USA",
	year=2002,
	note="ISBN 0-07-232086-9"
}

@book
{
	jordan03,
	author="Harry F. Jordan and Gita Alaghband",
	title="Fundamentals of Parallel Processing",
	publisher="Pearson Education, Inc.",
	year=2003,
	note="ISBN 0-13-901158-7"
}

@book
{
	siegfried00,
	author="Tom Siegfried",
	title="The Bit and the Pendulum: From Quantum Computing to M Theiry -- The New Physics of Information",
	publisher="John Wiley \& Sons, Inc.",
	year=2000,
	note="ISBN 0-471-32174-5"
}


%
% Security
%

@book
{
	authorizproblems,
	author="S. Schwoon and S. Jha and T. Reps and S. Stubblebine",
	title="On Generalized Authorization Problems",
	year=2003
}

@conference
{
	optheuristicscrypto,
	author    = {Andrew Clark and Ed Dawson},
	title     = {Optimisation Heuristics for the Automated Cryptanalysis of Classical Ciphers},
	booktitle = {},
	publisher = {Information Security Reserach Centre, Queensland University of Technology, Queensland, Australia},
	year      = {},
	pages     = {},
	bibsource = {}
}

@book
{
	nist,
	author="NIST",
	title="NIST",
	year=2005,
	note="\url{http://nvd.nist.gov/}"
}

@book
{
	niststats,
	author="NIST",
	title="National Vulnerability Database Statistics",
	year=2005,
	note="\url{http://nvd.nist.gov/statistics.cfm}"
}

@book
{
	cert,
	author="CERT",
	title="CERT Advisories",
	year=2005,
	note="\url{http://www.us-cert.gov/cas/techalerts/index.html}"
}

@book
{
	certvuls,
	author="CERT",
	title="Vulnerability Notes",
	year=2005,
	note="\url{http://www.kb.cert.org/vuls}"
}

@book
{
	linuxdevices,
	author="Linux Devices",
	title="",
	year=2005,
	note="\url{http://linuxdevices.com/articles/AT4155251624.html}"
}

@book
{
	kernel26,
	author="Linux Kernel Developers",
	title="Linux Kernel v.26",
	year=2005,
	note="\url{ftp://ftp.kernel.org/pub/linux/kernel/v2.6/}"
}

@book
{
	googlelinuxkernel,
	author="Various Contributors",
	title="Linux Kernel Mailing List Archives via Google",
	year=2005,
	note="\url{http://groups.google.com/groups?q=linux+kernel}"
}

@book
{
	bugtraq,
	author="Bugtraq",
	title="Bugtraq",
	year=2005,
	note="\url{http://groups.google.ca/group/mailing.unix.bugtraq} and \url{http://www.securityfocus.com/archive/1}"
}

@book
{
	xforce,
	author="X-Force",
	title="X-Force Alerts",
	year=2005,
	note="\url{http://xforce.iss.net/xforce/alerts}"
}

@book
{
	osvdb,
	author="OSVDB",
	title="The Open Source Vulnerability Database",
	year=2005,
	note="\url{http://www.osvdb.org/}"
}


%
% NLP
%

@book
{
	pustejovsky,
	author="James Pustejovsky",
	title="The Syntax of Event Structure",
	publisher="Elsevier Science Publishers B.V.",
	year=1991
}

@book
{
	pustejovsky_ppt,
	author="James Pustejovsky",
	title="The Syntax of Event Structure, Power Point Presentation",
	year=2003,
	note="\url{http://www.cis.upenn.edu/~cis630/cis630-pustejovsky.ppt}"
}

@book
{
	fongdress,
	author="Sandiway Fong",
	title="On Mending a Torn Dress: The Frame Problem and WordNet",
	publisher="Carnegie Mellon University, Pittsburgh.",
	year=2001
}

@book
{
	jurafsky,
	author="Daniel S. Jurafsky and James H. Martin",
	title="Speech and Language Processing",
	publisher="Prentice-Hall, Inc., Pearson Higher Education, Upper Saddle River, New Jersey 07458",
	year=2000,
	note="ISBN 0-13-095069-6"
}

@book
{
	brill,
	author="Eric Brill",
	title="Brill Tagger",
	year=1995,
	note="\url{http://www.cs.jhu.edu/~brill/RBT1_14.tar.Z}"
}

@book
{
	cyk,
	author="Martin",
	title="CYK Algorithm",
	note="\url{http://www.cs.colorado.edu/~martin/SLP/New_Pages/pg455.pdf}"
}

@book
{
	arnold,
	author="Doug Arnold",
	title="Structural and Lexical Semantics, in: Introduction to Linguistics; course notes",
	publisher="University of Essex",
	year=2001,
	note="\url{http://clwww.essex.ac.uk/course/LG111/2-lex-sem/index_3.html}"
}

@book
{
	mokhov-ppt,
	author="Serguei A. Mokhov",
	title="Presentation on Lexical Relations based on Chapter 16, Jurafsky and Martin and Arnold course notes",
	month="October",
	year=2003,
	note="\url{http://www.cs.concordia.ca/~teaching/comp774/2003/774-l5-mokhov.pdf}"
}

@book
{
	penntagset,
	author="Beatrice Satorini",
	title="Extract From: Part-of-Speech Tagging Guidelines for the Penn Treebank Project (3rd Revision, 2nd printing)",
	month="June",
	year=1990,
	note="\url{http://www.ldc.upenn.edu/sb/cis530/materials-2000/treebank-tagset.pdf}"
}

@book
{
	webster,
	title="Merriam-Webster Dictionary",
	publisher="Merriam-Webster, Incorporated",
	year=2003,
	note="\url{http://www.webster.com}"
}

@book
{
	jackendoff,
	author="Jackendoff, R.",
	title="The Base Rules For Prepositional Phrases",
	publisher="Anderson, S.R. \& Kiparky, P. (Eds.). Holt Rinehart and Winston Inc,",
	year=1973,
	note="346-65"
}

@book
{
	levin91,
	author="Levin, B. and Pinker, S.",
	title="Lexical and Conceptual Semantics",
	publisher="Elsevier Science Publications, Amsterdam",
	year=1991
}

@book
{
	quirk85,
	author="Quirk, R. et. al.",
	title="A Comprehensive Grammar of the English Language",
	publisher="London:Longman",
	year=1985,
	note="673"
}

@book
{
	francez2003,
	author="Francez, N. and Steedman, M.",
	title="Categorical Grammar and the Semantics of Indexical Prepositional Phrases",
	publisher="Human Communication Research Centre, University of Edinburgh",
	year=2003
}

@book
{
	manning2002,
	author="Manning, C.D. and Schutze, H.",
	title="Foundations of Statistical Natural Language Processing",
	publisher="MIT Press",
	year=2002
}

@book
{
	eagles96,
	author="EAGLES96",
	title="Preliminary Recommendations on Semantic Encoding Interim Report",
	year=1996,
	note="\url{http://www.ilc.cnr.it/EAGLES96/rep2/node13.html}"
}

@book
{
	pratt97,
	author="Pratt, I. and Francez, N.",
	title="On the Semantics of Temporal Prepositions and Preposition Phrases",
	publisher="University of Manchester",
	year=1997
}

@book
{
	kimball73,
	author="Kimball, J.",
	title="Seven Principals of Surface Structure Parsing in Natural Language",
	publisher="MIT Press",
	year=1973,
	note="Cognition 2:15-47"
}

@phdthesis
{
	frzier78,
	author="Frzier, L.",
	title="On Comprehending Sentences: Syntactic Parsing Strategies",
	publisher="University of Connecticut",
	year=1978
}

@book
{
	whittemore89,
	author="Whittemore, G. et al",
	title="Empirical Study of Predictive Powers of Simple Attachment Schemes for Post-Modifier Prepositional Phrases in Proceedings of the 28th Annual Meeting of the Association for Computation Linguistics",
	year=1990,
	note="pages 23-30"
}

%2
@book
{
	comp774project,
	author="Sabine Bergler",
	title="NLI: COMP7741 Project Requirements",
	year=2003,
	publisher="Concordia University",
	note="URL: \url{http://www.cs.concordia.ca/~comp7741/2003/774-final-project.html}"
}

%3
@book
{
	comp791a,
	author="Leila Kosseim",
	title="COMP791A: Foundations of Statistical Natural Language Processing",
	year=2002,
	publisher="Concordia University"
}

%3
@book
{
	mitchell2002,
	author="Mitchell B and Gaizauskas R.",
	title="A Comparison of Machine Learning Algorithms for Prepositional Phrase Attachment",
	publisher="University of Sheffield",
	year=2002
}

@book
{
	brill94,
	author="Brill, E. and Resnik, P. ",
	title="A Rule-Based Approach to Prepositional Phrase Attachment Disambiguation",
	publisher="COLING-94, Kyoto, Japan",
	year=1994
}

%[5]
@book
{
	techreport,
	author="O'Hara, T. and Wiebe, J.",
	title="Classifying Preposition Semantic Roles using Class-based Lexical Associations",
	year=2002,
	note="NMSU-CS-2002-001, \url{http://www.cs.nmsu.edu/TechReports/2002/013.pdf}"
}


%X1: http://www.cis.upenn.edu/~siglex99/seize.pred
@book
{
	seize,
	year=2003,
	month="November",
	day=25,
	note="\url{http://www.cis.upenn.edu/~siglex99/seize.pred}"
}

%X2: http://www.cis.upenn.edu/~siglex99/trump.pred
@book
{
	trump,
	year=2003,
	month="November",
	day=25,
	note="\url{http://www.cis.upenn.edu/~siglex99/trump.pred}"
}

%X3: http://www.ldc.upenn.edu/Catalog/docs/treebank3/PRSGUID1.PS
@book
{
	treebank,
	author="Bies, A. et. al.",
	title="Bracketing Guidelines for Treebank II Style Penn Treebank Project",
	year="1995",
	publisher="Linguistic Data Consortium",
	note="\url{http://www.ldc.upenn.edu/Catalog/docs/treebank3/PRSGUID1.PS}"
}

%[6] http://www.phon.ucl.ac.uk/home/dick/tta/phrases/phrases.htm#pp
@book
{
	dickphrases,
	author="Hudson, R.A.",
	title="Phrases",
	year=2003,
	month="November",
	day=25,
	note="\url{http://www.phon.ucl.ac.uk/home/dick/tta/phrases/phrases.htm#pp}"
}

@book
{
	locativesem,
	title="The Semantics of Locative Prepositional Phrases in English",
	author="Seungho Nam",
	publisher="University of California, Los Angeles",
	year="1995",
	note="\url{http://cl.snu.ac.kr/nam/papers/abstract.PDF}"
}

@misc
{
	verspoor-perspective,
	author = "Cornelia M. Verspoor",
	title = "A Perspective on PPs",
	url = "\url{http://citeseer.nj.nec.com/verspoor96perspective.html}"
}

@book
{
	ulysses,
	author = "James Joyce",
	title = "Ulysses",
	note = "\url{ftp://ftp.trentu.ca/pub/jjoyce/ulysses/ascii_texts/}"
}

@book
{
	greif,
	author="Francis Marion Crawford",
	title="Greifenstein",
	note="\url{http://digital.library.upenn.edu/webbin/gutbook/lookup?num=6446}"
}

@book
{
	speak,
	author = "Joseph Devlin; edited by Theodore Waters",
	title = "How to Speak and Write Correctly",
	note = "\url{http://digital.library.upenn.edu/webbin/gutbook/lookup?num=6409}"
}

@book
{
	fannyhill,
	author = "John Cleland",
	year = 1749,
	title = "FANNY HILL. MEMOIRS OF A WOMAN OF PLEASURE",
	note = "\url{http://wiretap.area.com/ftp.items/Library/Classic/fannyhill.txt}"
}

@book
{
	lysistrata,
	author = "Aristophanes, anonymous translator",
	year = "410 BC",
	title = "LYSISTRATA",
	note = "\url{http://eserver.org/drama/aristophanes/lysistrata.txt}"
}

@book
{
	canterby,
	author = "Geoffrey Chaucer",
	year = "1380",
	title = "The Canterbury Tales",
	note = "\url{http://www.litrix.com/canterby/cante001.htm}"
}

@book
{
	defoe,
	author = "Daniel Defoe",
	title = "The Fortunes and Misfortunes of the Famous Moll Flanders",
	note = "\url{http://digital.library.upenn.edu/webbin/gutbook/lookup?num=370}"
}

@book
{
	rousseau,
	author = "Jean-Jacques Rousseau; translated by W. Conyngham Mallory",
	year = 1782,
	title = "THE CONFESSIONS OF JEAN-JACQUES ROUSSEAU",
	note = "\url{http://www.knuten.liu.se/~bjoch509/works/rousseau/confessions.txt}"
}

@book
{
	tasso,
	author = "Torquado Tasso; translated by Edward Fairfax",
	title = "Jerusalem Delivered",
	note = "\url{http://digital.library.upenn.edu/webbin/gutbook/lookup?num=392}"
}

@book
{
	qalam,
	author = "Abdelsalam Heddaya",
	year = "1985-1992",
	title = "Qalam: A Convention for Morphological Arabic-Latin-Arabic Transliteration",
	note = "\url{http://eserver.org/langs/qalam.txt}"
}

@book
{
	iso-codes,
	title = "ISO 639-2: Codes for the Representation of Names of Languages",
	note = "\url{http://lcweb.loc.gov/standards/iso639-2/englangn.html}"
}

@book
{
	quran,
	author = "muslimnet.net",
	title = "Transliteration of the Qur'an",
	note = "\url{http://www.usc.edu/dept/MSA/quran/transliteration/index.html}"
}

@book
{
	bgpoems,
	author = "Radev et co.",
	title = "Bulgarian Poetry",
	note = "\url{http://www.cs.columbia.edu/~radev/faq/poetry/poetry-server.cgi}"
}

@book
{
	hepoems,
	author = "Israel Fuhrmann",
	title = "Various Poetry",
	note = "\url{http://www.interlog.com/~jfuhrman/#Poems}"
}

@book
{
	pinocchio,
	author = "Carlo Lorenzini (Collodi)",
	title = "Pinocchio: Storia di un burattino",
	note = "\url{http://www.crs4.it/Letteratura/Pinocchio/Pinocchio.html}"
}

@book
{
	ohotnik,
	author = "Sergej Timofeevich Aksakov",
	publisher = "Izd: Moskva, Izdatel'stvo ``Pravda''",
	year = 1987,
	title = "Zapiski ruzhejnogo ohotnika Orenburgskoj gubernii",
	note = "\url{http://lib.ru/lat/LITRA/AKSAKOW/rasskazy_ohotnika.txt}"
}

@book
{
	jeha,
	author = "Arabic Proverb, transcribed by Michelle Khalif\'e",
	title = "Jeha and Donkeys",
	note = "\url{http://preview-latex.sourceforge.net/prv-ltx5.png}"
}

@book
{
	arnews,
	author = "Annahar; transcribed by Michelle Khalife",
	title = "Arabic newspaper Annahar about Middle-East news",
	note = "\url{http://www.annahar.com.lb/htd/front1.pdf}"
}


%
% Examples
%

@book
{
	example991,
	author="Ronald L. Graham and Donald E. Knuth and Oren Patashnik",
	title="Concrete Mathematics: a Foundation for Computer Science",
	edition="Fourth",
	publisher=aw,
	series="Blah \& Blah",
	volume="A",
	day=17,
	month="March",
	year=1989,
	note="With illustrations by Duane Bibby"
}

@inproceedings{DBLP:conf/sigmod/ZouS96,
    author    = {C. Zou and B. Salzberg},
    editor    = {H. V. Jagadish and Inderpal Singh Mumick},
    title     = {On-line Reorganization of Sparsely-populated B+trees},
    booktitle = {Proceedings of the 1996 ACM SIGMOD International Conference on
        Management of Data, Montreal, Quebec, Canada, June 4-6, 1996},
    publisher = {ACM Press},
    year      = {1996},
    pages     = {115-124},
    bibsource = {DBLP, \url{http://dblp.uni-trier.de}}
}

% EOF
